<record><leader>00000cas a22000007a 4500</leader><controlfield tag="001">26471037</controlfield><controlfield tag="008">920824d19891995maudn ne      0    0eng d</controlfield><datafield ind1=" " ind2=" " tag="010"><subfield code="a">sn 92056761 </subfield></datafield><datafield ind1=" " ind2=" " tag="040"><subfield code="a">MGN</subfield><subfield code="b">eng</subfield><subfield code="c">MGN</subfield><subfield code="d">OCLCQ</subfield></datafield><datafield ind1=" " ind2=" " tag="042"><subfield code="a">msc</subfield></datafield><datafield ind1="0" ind2="4" tag="245"><subfield code="a">The Daily news-Mercury.</subfield></datafield><datafield ind1=" " ind2=" " tag="260"><subfield code="a">[Malden, MA :</subfield><subfield code="b">Eastern Middlesex Press Publications]</subfield></datafield><datafield ind1=" " ind2=" " tag="300"><subfield code="a">v.</subfield></datafield><datafield ind1=" " ind2=" " tag="310"><subfield code="a">Daily (except Sat, and Sun.)</subfield></datafield><datafield ind1="0" ind2=" " tag="362"><subfield code="a">Oct. 30, 1989-</subfield></datafield><datafield ind1="1" ind2=" " tag="362"><subfield code="a">Ceased in Nov. 1995.</subfield></datafield><datafield ind1=" " ind2=" " tag="580"><subfield code="a">Formed by the union of: Malden evening news (Malden, Mass. : 1892), and: Malden evening news (Malden, Mass. : 1892 : Everett ed.), and: Medford daily Mercury (Medford, Mass.), and: Melrose evening news.</subfield></datafield><datafield ind1=" " ind2=" " tag="752"><subfield code="a">United States</subfield><subfield code="b">Massachusetts</subfield><subfield code="c">Middlesex</subfield><subfield code="d">Malden.</subfield></datafield><datafield ind1="1" ind2="4" tag="780"><subfield code="t">Malden evening news (Malden, Mass. : 1892)</subfield><subfield code="w">(DLC)sn 89062373</subfield></datafield><datafield ind1="1" ind2="4" tag="780"><subfield code="t">Malden evening news (Malden, Mass. : 1892 : Everett ed.)</subfield></datafield><datafield ind1="1" ind2="4" tag="780"><subfield code="t">Medford daily Mercury (Medford, Mass.)</subfield><subfield code="w">(DLC)sn 89062404</subfield></datafield><datafield ind1="1" ind2="4" tag="780"><subfield code="t">Melrose evening news</subfield><subfield code="w">(DLC)sn 89062405</subfield></datafield><datafield ind1="0" ind2="1" tag="785"><subfield code="t">Medford daily Mercury (Malden, Mass.)</subfield><subfield code="w">(DLC)sn 97068834</subfield></datafield><datafield ind1="0" ind2="0" tag="785"><subfield code="t">Malden evening news (Malden, Mass. : 1995)</subfield><subfield code="w">(DLC)sn 97068835</subfield></datafield></record>